@inproceedings{mccallum1998comparison,
	title={A comparison of event models for naive bayes text classification},
	author={McCallum, Andrew and Nigam, Kamal and others},
	booktitle={AAAI-98 workshop on learning for text categorization},
	volume={752},
	pages={41--48},
	year={1998},
	organization={Citeseer}
}
@article{monard2002learning,
	title={Learning with Skewed Class Distrihutions},
	author={Monard, Maria Carolina and Batista, Gustavo EAPA},
	journal={Advances in Logic, Artificial Intelligence, and Robotics: LAPTEC 2002},
	volume={85},
	pages={173},
	year={2002},
	publisher={IOS Press}
}
@inproceedings{guo2008class,
	title={On the class imbalance problem},
	author={Guo, Xinjian and Yin, Yilong and Dong, Cailing and Yang, Goping and Zhou, Guangtong},
	booktitle={Natural Computation, 2008. ICNC'08. Fourth International Conference on},
	volume={4},
	pages={192--201},
	year={2008},
	organization={IEEE}
}
@inproceedings{yang1997comparative,
	title={A comparative study on feature selection in text categorization},
	author={Yang, Yiming and Pedersen, Jan O},
	booktitle={ICML},
	volume={97},
	pages={412--420},
	year={1997}
}
@article{zhang2010understanding,
	title={Understanding bag-of-words model: a statistical framework},
	author={Zhang, Yin and Jin, Rong and Zhou, Zhi-Hua},
	journal={International Journal of Machine Learning and Cybernetics},
	volume={1},
	number={1-4},
	pages={43--52},
	year={2010},
	publisher={Springer}
}
@article{dubey2007delivering,
	title={Delivering software as a service},
	author={Dubey, Abhijit and Wagle, Dilip},
	journal={The McKinsey Quarterly},
	volume={6},
	number={2007},
	pages={2007},
	year={2007}
}
@article{sparck1972statistical,
	title={A statistical interpretation of term specificity and its application in retrieval},
	author={Sparck Jones, Karen},
	journal={Journal of documentation},
	volume={28},
	number={1},
	pages={11--21},
	year={1972},
	publisher={MCB UP Ltd}
}
@article{mobasher2007toward,
	title={Toward trustworthy recommender systems: An analysis of attack models and algorithm robustness},
	author={Mobasher, Bamshad and Burke, Robin and Bhaumik, Runa and Williams, Chad},
	journal={ACM Transactions on Internet Technology (TOIT)},
	volume={7},
	number={4},
	pages={23},
	year={2007},
	publisher={ACM}
}
