@article{monard2002learning,
	title={Learning with Skewed Class Distrihutions},
	author={Monard, Maria Carolina and Batista, Gustavo EAPA},
	journal={Advances in Logic, Artificial Intelligence, and Robotics: LAPTEC 2002},
	volume={85},
	pages={173},
	year={2002},
	publisher={IOS Press}
}
